<?xml version="1.0" encoding="UTF-8"?><collection xmlns="http://www.loc.gov/MARC21/slim"><record><leader>00405nam--2200157-i-4500</leader><controlfield tag="001">000025049</controlfield><controlfield tag="002">20161230</controlfield><controlfield tag="005">20170127202410</controlfield><controlfield tag="008">060222s1000------------r-----000-0-eng-d</controlfield><datafield ind1=" " ind2=" " tag="080"><subfield code="a">541.1-16</subfield></datafield><datafield ind1=" " ind2=" " tag="100"><subfield code="a">Hedvall, J. Arvid</subfield></datafield><datafield ind1=" " ind2=" " tag="245"><subfield code="a">Solid state chemistry. Whence, where and whither</subfield></datafield><datafield ind1=" " ind2=" " tag="260"><subfield code="a">Amsterdam</subfield><subfield code="b">Elsevier Publ.Co</subfield><subfield code="c">1966</subfield></datafield><datafield ind1=" " ind2=" " tag="300"><subfield code="a">100 p</subfield></datafield><datafield ind1=" " ind2=" " tag="852"><subfield code="a">24629</subfield></datafield><datafield ind1=" " ind2=" " tag="CAT"><subfield code="a">SYS</subfield><subfield code="c">20170127</subfield><subfield code="h">202410</subfield></datafield></record></collection>